
@inproceedings{anderson2018bottom,
  title={Bottom-up and top-down attention for image captioning and visual question answering},
  author={Anderson, Peter and He, Xiaodong and Buehler, Chris and Teney, Damien and Johnson, Mark and Gould, Stephen and Zhang, Lei},
  booktitle={Proceedings of the IEEE Conference on Computer Vision and Pattern Recognition},
  pages={},
  year={2018}
}


